@article{arroyo2018subsecond,
  title={Subsecond-resolved molecular measurements in the living body using chronoamperometrically interrogated aptamer-based sensors},
  author={Arroyo-Curras, Netzahualcoyotl and Dauphin-Ducharme, Philippe and Ortega, Gabriel and Ploense, Kyle L and Kippin, Tod E and Plaxco, Kevin W},
  journal={ACS sensors},
  volume={3},
  number={2},
  pages={360--366},
  year={2018},
  publisher={ACS Publications}
}

@article{song2008aptamer,
  title={Aptamer-based biosensors},
  author={Song, Shiping and Wang, Lihua and Li, Jiang and Fan, Chunhai and Zhao, Jianlong},
  journal={TrAC Trends in Analytical Chemistry},
  volume={27},
  number={2},
  pages={108--117},
  year={2008},
  publisher={Elsevier}
}

@article{riccitelli2010computational,
  title={Computational discovery of folded RNA domains in genomes and in vitro selected libraries},
  author={Riccitelli, Nathan J and Lupt{\'a}k, Andrej},
  journal={Methods},
  volume={52},
  number={2},
  pages={133--140},
  year={2010},
  publisher={Elsevier}
}

@article{tan2016selex,
  title={SELEX modifications and bioanalytical techniques for aptamer--target binding characterization},
  author={Tan, Sze Y and Acquah, Caleb and Sidhu, Amandeep and Ongkudon, Clarence M and Yon, LS and Danquah, Michael K},
  journal={Critical reviews in analytical chemistry},
  volume={46},
  number={6},
  pages={521--537},
  year={2016},
  publisher={Taylor \& Francis}
}

@article{cai2018investigations,
  title={Investigations on the interface of nucleic acid aptamers and binding targets},
  author={Cai, Shundong and Yan, Jianhua and Xiong, Hongjie and Liu, Yanfei and Peng, Dongming and Liu, Zhenbao},
  journal={Analyst},
  volume={143},
  number={22},
  pages={5317--5338},
  year={2018},
  publisher={Royal Society of Chemistry}
}

@article{fan2003electrochemical,
  title={Electrochemical interrogation of conformational changes as a reagentless method for the sequence-specific detection of DNA},
  author={Fan, Chunhai and Plaxco, Kevin W and Heeger, Alan J},
  journal={Proceedings of the National Academy of Sciences},
  volume={100},
  number={16},
  pages={9134--9137},
  year={2003},
  publisher={National Acad Sciences}
}

@article{pellitero2019critical,
  title={Critical review—Approaches for the electrochemical interrogation of DNA-based sensors: A critical review},
  author={Pellitero, Miguel Aller and Shaver, Alexander and Arroyo-Curr{\'a}s, Netzahualc{\'o}yotl},
  journal={Journal of The Electrochemical Society},
  volume={167},
  number={3},
  pages={037529},
  year={2019},
  publisher={IOP Publishing}
}

@article{provencher1982contin,
  title={CONTIN: a general purpose constrained regularization program for inverting noisy linear algebraic and integral equations},
  author={Provencher, Stephen W},
  journal={Computer Physics Communications},
  volume={27},
  number={3},
  pages={229--242},
  year={1982},
  publisher={Elsevier}
}
@article{white2010exploiting,
  title={Exploiting binding-induced changes in probe flexibility for the optimization of electrochemical biosensors},
  author={White, Ryan J and Plaxco, Kevin W},
  journal={Analytical chemistry},
  volume={82},
  number={1},
  pages={73--76},
  year={2010},
  publisher={ACS Publications}
}

@book{ouldridge2012coarse,
  title={Coarse-grained modelling of DNA and DNA self-assembly},
  author={Ouldridge, Thomas E},
  year={2012},
  publisher={Springer Science \& Business Media}
}

@article{zhan1990mechanisms,
  title={Mechanisms of methylene blue electrode processes studied by in situ electron paramagnetic resonance and ultraviolet--visible spectroelectrochemistry},
  author={Zhan, Ruiyun and Song, Shihua and Liu, Yayan and Dong, Shaojun},
  journal={Journal of the Chemical Society, Faraday Transactions},
  volume={86},
  number={18},
  pages={3125--3127},
  year={1990},
  publisher={The Royal Society of Chemistry}
}

@article{farjami2011off,
  title={“Off- On” electrochemical hairpin-DNA-based genosensor for cancer diagnostics},
  author={Farjami, Elaheh and Clima, Lilia and Gothelf, Kurt and Ferapontova, Elena E},
  journal={Analytical Chemistry},
  volume={83},
  number={5},
  pages={1594--1602},
  year={2011},
  publisher={ACS Publications}
}

@article{bard1983electrochemical,
  title={Electrochemical Methods: Fundamentals and Applications},
  author={Bard, Allen J and Faulkner, Larry R},
  journal={Surface Technology},
  volume={20},
  number={1},
  pages={91--92},
  year={1983}
}

@article{forster1994electrochemistry,
  title={Electrochemistry of spontaneously adsorbed monolayers. Equilibrium properties and fundamental electron transfer characteristics},
  author={Forster, Robert J and Faulkner, Larry R},
  journal={Journal of the American Chemical Society},
  volume={116},
  number={12},
  pages={5444--5452},
  year={1994},
  publisher={ACS Publications}
}

@article{jibia2012appraisal,
  title={An appraisal of gardner transform-based methods of transient multiexponential signal analysis},
  author={Jibia, Abdussamad U and Salami, Momoh-Jimoh E},
  journal={International Journal of Computer theory and engineering},
  volume={4},
  number={1},
  pages={16--25},
  year={2012},
  publisher={IACSIT Press}
}

@article{feigon1996aptamer,
  title={Aptamer structures from A to $\zeta$},
  author={Feigon, Juli and Dieckmann, Thorsten and Smith, Flint W},
  journal={Chemistry \& biology},
  volume={3},
  number={8},
  pages={611--617},
  year={1996},
  publisher={Elsevier}
}

@article{bloomfielduniversity,
  title={University Science Books; Sausalito, CA: 2000},
  author={Bloomfield, VA and Crothers, DM and Tinoco Jr, I and Hearst, JE and Wemmer, DE and Killman, PA and Turner, DH},
  journal={Nucleic acids: structures, properties, and functions.[Google Scholar]}
}

@article{marko1995stretching,
  title={Stretching dna},
  author={Marko, John F and Siggia, Eric D},
  journal={Macromolecules},
  volume={28},
  number={26},
  pages={8759--8770},
  year={1995},
  publisher={ACS Publications}
}

@article{roth2018measuring,
  title={Measuring the conformation and persistence length of single-stranded DNA using a DNA origami structure},
  author={Roth, Efrat and Glick Azaria, Alex and Girshevitz, Olga and Bitler, Arkady and Garini, Yuval},
  journal={Nano letters},
  volume={18},
  number={11},
  pages={6703--6709},
  year={2018},
  publisher={ACS Publications}
}

@article{murphy2004probing,
  title={Probing single-stranded DNA conformational flexibility using fluorescence spectroscopy},
  author={Murphy, MC and Rasnik, Ivan and Cheng, Wei and Lohman, Timothy M and Ha, Taekjip},
  journal={Biophysical journal},
  volume={86},
  number={4},
  pages={2530--2537},
  year={2004},
  publisher={Elsevier}
}

@article{chi2013persistence,
  title={The persistence length and length per base of single-stranded DNA obtained from fluorescence correlation spectroscopy measurements using mean field theory},
  author={Chi, Qingjia and Wang, Guixue and Jiang, Jiahuan},
  journal={Physica A: Statistical Mechanics and its Applications},
  volume={392},
  number={5},
  pages={1072--1079},
  year={2013},
  publisher={Elsevier}
}
@article{dessinges2002stretching,
  title={Stretching single stranded DNA, a model polyelectrolyte},
  author={Dessinges, M-N and Maier, Berenike and Zhang, Y and Peliti, M and Bensimon, David and Croquette, Vincent},
  journal={Physical review letters},
  volume={89},
  number={24},
  pages={248102},
  year={2002},
  publisher={APS}
}

@article{alberts2014molecular,
  title={Molecular Biology of the Cell, 6th edn (Garland Sciences)},
  author={Alberts, B and Johnson, A and Lewis, J and Morgan, D and Raff, M and Roberts, K and Walter, P},
  year={2014}
}

@book{strobl1997physics,
  title={The physics of polymers},
  author={Strobl, Gert R and Strobl, Gert R},
  volume={2},
  year={1997},
  publisher={Springer}
}

@article{uzawa2010mechanistic,
  title={A mechanistic study of electron transfer from the distal termini of electrode-bound, single-stranded DNAs},
  author={Uzawa, Takanori and Cheng, Ryan R and White, Ryan J and Makarov, Dmitrii E and Plaxco, Kevin W},
  journal={Journal of the American Chemical Society},
  volume={132},
  number={45},
  pages={16120--16126},
  year={2010},
  publisher={ACS Publications}
}
@article{uzawa2009length,
  title={The length and viscosity dependence of end-to-end collision rates in single-stranded DNA},
  author={Uzawa, Takanori and Cheng, Ryan R and Cash, Kevin J and Makarov, Dmitrii E and Plaxco, Kevin W},
  journal={Biophysical journal},
  volume={97},
  number={1},
  pages={205--210},
  year={2009},
  publisher={Elsevier}
}

@article{huang2013random,
  title={Random walk on a leash: a simple single-molecule diffusion model for surface-tethered redox molecules with flexible linkers},
  author={Huang, Kuan-Chun and White, Ryan J},
  journal={Journal of the American Chemical Society},
  volume={135},
  number={34},
  pages={12808--12817},
  year={2013},
  publisher={ACS Publications}
}

@article{dotto2015adsorption,
  title={Adsorption of methylene blue by ultrasonic surface modified chitin},
  author={Dotto, GL and Santos, JMN and Rodrigues, IL and Rosa, R and Pavan, FA and Lima, EC},
  journal={Journal of colloid and interface science},
  volume={446},
  pages={133--140},
  year={2015},
  publisher={Elsevier}
}

@article{finklea1992electron,
  title={Electron-transfer kinetics in organized thiol monolayers with attached pentaammine (pyridine) ruthenium redox centers},
  author={Finklea, Harry O and Hanshew, Dwight D},
  journal={Journal of the American Chemical Society},
  volume={114},
  number={9},
  pages={3173--3181},
  year={1992},
  publisher={ACS Publications}
}

@article{smalley1995kinetics,
  title={The kinetics of electron transfer through ferrocene-terminated alkanethiol monolayers on gold},
  author={Smalley, John F and Feldberg, Stephen W and Chidsey, Christopher ED and Linford, Matthew R and Newton, Marshall D and Liu, Yi-Ping},
  journal={The Journal of Physical Chemistry},
  volume={99},
  number={35},
  pages={13141--13149},
  year={1995},
  publisher={ACS Publications}
}

@article{doi:10.1177/000456329102800111,
author = {R B Payne and B M Buckley and K M Rawson},
title ={Protein Interference with Ion-Selective Electrode Measurement Depends on Reference Electrode Composition and Design},
journal = {Annals of Clinical Biochemistry},
volume = {28},
number = {1},
pages = {68-72},
year = {1991},
doi = {10.1177/000456329102800111},
    note ={PMID: 2024938},
}
URL = { 
        https://doi.org/10.1177/000456329102800111
    
},
eprint = { 
        https://doi.org/10.1177/000456329102800111
        
@Article{pmid9142024,
   Author="de Werra, I.  and Jaccard, C.  and Corradin, S. B.  and Chioléro, R.  and Yersin, B.  and Gallati, H.  and Assicot, M.  and Bohuon, C.  and Baumgartner, J. D.  and Glauser, M. P.  and Heumann, D. ",
   Title="{{C}ytokines, nitrite/nitrate, soluble tumor necrosis factor receptors, and procalcitonin concentrations: comparisons in patients with septic shock, cardiogenic shock, and bacterial pneumonia}",
   Journal="Crit Care Med",
   Year="1997",
   Volume="25",
   Number="4",
   Pages="607--613",
   Month="Apr"
}

@Article{D1CP00661D,
author ="Colburn, Alex W. and Levey, Katherine J. and O{'}Hare, Danny and Macpherson, Julie V.",
title  ="Lifting the lid on the potentiostat: a beginner{'}s guide to understanding electrochemical circuitry and practical operation",
journal  ="Phys. Chem. Chem. Phys.",
year  ="2021",
volume  ="23",
issue  ="14",
pages  ="8100-8117",
publisher  ="The Royal Society of Chemistry",
doi  ="10.1039/D1CP00661D",
url  ="http://dx.doi.org/10.1039/D1CP00661D"}

@article{FERRARIO201236,
title = {Development of a Disposable Gold Electrodes-Based Sensor for Electrochemical Measurements of cDNA Hybridization},
journal = {Procedia Chemistry},
volume = {6},
pages = {36-45},
year = {2012},
note = {2nd International Conference on Bio-Sensing Technology},
issn = {1876-6196},
doi = {https://doi.org/10.1016/j.proche.2012.10.128},
url = {https://www.sciencedirect.com/science/article/pii/S1876619612002021},
author = {A. Ferrario and M. Scaramuzza and E. Pasqualotto and A. {De Toni} and A. Paccagnella},
}

@Article{C9AN02438G,
author ="Chen, Yu-Chih and O{'}Hare, Danny",
title  ="Exhaled breath condensate based breath analyser – a disposable hydrogen peroxide sensor and smart analyser",
journal  ="Analyst",
year  ="2020",
volume  ="145",
issue  ="10",
pages  ="3549-3556",
publisher  ="The Royal Society of Chemistry",
doi  ="10.1039/C9AN02438G",
url  ="http://dx.doi.org/10.1039/C9AN02438G",
abstract  ="Exhaled breath condensate (EBC) based breath analysis has gained significant interest in pulmonary disease diagnostics over the past few years due to the non-invasiveness and simplicity of the technique. Most approaches to date have separated EBC collection from the subsequent lab-based analysis. Here we report a low-cost disposable hydrogen peroxide (H2O2)sensor modified with a new composite consisting of Prussian Blue (PB){,} PEDOT:PSS{,} and crosslinker ethylene glycol (EG) and divinyl sulfone (DVS) combined with a thermoelectric EBC collection device. Theoretical modelling suggests that previously reported large variations between analyte concentrations arise from poor control of the condensation process. Experimental data confirm the model predictions and proof-of-principle human samples were analysed showing good agreement with fluorometric methods."}

@article{Anson1966,
annote = {doi: 10.1021/ac60233a014},
author = {Anson, F C},
doi = {10.1021/ac60233a014},
issn = {0003-2700},
journal = {Analytical Chemistry},
month = {jan},
number = {1},
pages = {54--57},
publisher = {American Chemical Society},
title = {{Innovations in the Study of Adsorbed Reactants by Chronocoulometry.}},
url = {https://doi.org/10.1021/ac60233a014},
volume = {38},
year = {1966}
}

@article{Flanagan1973,
annote = {doi: 10.1021/j100627a017},
author = {Flanagan, James B and Marcoux, Lynn},
doi = {10.1021/j100627a017},
issn = {0022-3654},
journal = {The Journal of Physical Chemistry},
month = {apr},
number = {8},
pages = {1051--1055},
publisher = {American Chemical Society},
title = {{Digital simulation of edge effects at planar disk electrodes}},
url = {https://doi.org/10.1021/j100627a017},
volume = {77},
year = {1973}
}

@article{heikenfeld2018lab,
  title={Lab on a Chip: Devices and applications at the micro-and nanoscale},
  author={Heikenfeld, J and Jajack, A and Rogers, J and Gutruf, P and Tian, L and Pan, T and Kim, J},
  journal={The Royal Society of Chemistry},
  volume={18},
  pages={209--386},
  year={2018}
}

@article{garcia2014sepsis,
  title={Sepsis-associated hyperlactatemia},
  author={Garcia-Alvarez, Mercedes and Marik, Paul and Bellomo, Rinaldo},
  journal={Critical care},
  volume={18},
  number={5},
  pages={1--11},
  year={2014},
  publisher={BioMed Central}
}

@article{teggert2020biomarkers,
  title={Biomarkers for point-of-care diagnosis of sepsis},
  author={Teggert, Andrew and Datta, Harish and Ali, Zulfiqur},
  journal={Micromachines},
  volume={11},
  number={3},
  pages={286},
  year={2020},
  publisher={Multidisciplinary Digital Publishing Institute}
}

@article{singer2014ed,
  title={ED bedside point-of-care lactate in patients with suspected sepsis is associated with reduced time to iv fluids and mortality},
  author={Singer, Adam J and Taylor, Maria and LeBlanc, Debra and Williams, Justin and Thode Jr, Henry C},
  journal={The American Journal of Emergency Medicine},
  volume={32},
  number={9},
  pages={1120--1124},
  year={2014},
  publisher={Elsevier}
}

@article{gyawali2019sepsis,
  title={Sepsis: The evolution in definition, pathophysiology, and management},
  author={Gyawali, Bishal and Ramakrishna, Karan and Dhamoon, Amit S},
  journal={SAGE open medicine},
  volume={7},
  pages={2050312119835043},
  year={2019},
  publisher={SAGE Publications Sage UK: London, England}
}

@article{rathee2016biosensors,
  title={Biosensors based on electrochemical lactate detection: A comprehensive review},
  author={Rathee, Kavita and Dhull, Vikas and Dhull, Rekha and Singh, Sandeep},
  journal={Biochemistry and biophysics reports},
  volume={5},
  pages={35--54},
  year={2016},
  publisher={Elsevier}
}

@article{romero2010amperometric,
  title={Amperometric biosensor for direct blood lactate detection},
  author={Romero, Marcelo Ricardo and Ahumada, Facundo and Garay, Fernando and Baruzzi, Ana M},
  journal={Analytical chemistry},
  volume={82},
  number={13},
  pages={5568--5572},
  year={2010},
  publisher={ACS Publications}
}

@article{nikolic2000theoretical,
  title={Theoretical concepts and applications of a rotating disk electrode},
  author={Nikolic, J and Exp{\'o}sito, E and Iniesta, J and Gonz{\'a}lez-Garcia, Jos{\'e} and Montiel, V},
  journal={Journal of Chemical Education},
  volume={77},
  number={9},
  pages={1191},
  year={2000},
  publisher={ACS Publications}
}

@article{narayanan2020lactic,
  title={Lactic acid biosensor based on lactate dehydrogenase immobilized on Au nanoparticle modified microwire electrode},
  author={Narayanan, J Shankara and Slaughter, Gymama},
  journal={IEEE Sensors Journal},
  volume={20},
  number={8},
  pages={4034--4040},
  year={2020},
  publisher={IEEE}
}

@article{nikolic2000theoretical,
  title={Theoretical concepts and applications of a rotating disk electrode},
  author={Nikolic, J and Exp{\'o}sito, E and Iniesta, J and Gonz{\'a}lez-Garcia, Jos{\'e} and Montiel, V},
  journal={Journal of Chemical Education},
  volume={77},
  number={9},
  pages={1191},
  year={2000},
  publisher={ACS Publications}
}

@article{treimer2002consideration,
  title={A Consideration of the application of Koutecky-Levich plots in the diagnoses of charge-transfer mechanisms at rotated disk electrodes},
  author={Treimer, Stephen and Tang, Andrew and Johnson, Dennis C},
  journal={Electroanalysis},
  volume={14},
  number={3},
  pages={165--171},
  year={2002},
  publisher={Wiley Online Library}
}

@incollection{brown2021histology,
  title={Histology, dermis},
  author={Brown, Thomas M and Krishnamurthy, Karthik},
  booktitle={StatPearls [Internet]},
  year={2021},
  publisher={StatPearls Publishing}
}

@article{bauer2010molecular,
  title={Molecular diagnostics of sepsis—Where are we today?},
  author={Bauer, Michael and Reinhart, Konrad},
  journal={International Journal of Medical Microbiology},
  volume={300},
  number={6},
  pages={411--413},
  year={2010},
  publisher={Elsevier}
}

@article{liu2020microneedles,
  title={Microneedles for transdermal diagnostics: Recent advances and new horizons},
  author={Liu, Gui-Shi and Kong, Yifei and Wang, Yensheng and Luo, Yunhan and Fan, Xudong and Xie, Xi and Yang, Bo-Ru and Wu, Mei X},
  journal={Biomaterials},
  volume={232},
  pages={119740},
  year={2020},
  publisher={Elsevier}
}

@article{hung2020current,
  title={Current Evidence and Limitation of Biomarkers for Detecting Sepsis and Systemic Infection},
  author={Hung, Shang-Kai and Lan, Hao-Min and Han, Shih-Tsung and Wu, Chin-Chieh and Chen, Kuan-Fu},
  journal={Biomedicines},
  volume={8},
  number={11},
  pages={494},
  year={2020},
  publisher={Multidisciplinary Digital Publishing Institute}
}

@article{rawson2019microneedle,
  title={Microneedle biosensors for real-time, minimally invasive drug monitoring of phenoxymethylpenicillin: a first-in-human evaluation in healthy volunteers},
  author={Rawson, Timothy M and Gowers, Sally AN and Freeman, David ME and Wilson, Richard C and Sharma, Sanjiv and Gilchrist, Mark and MacGowan, Alasdair and Lovering, Andrew and Bayliss, Mark and Kyriakides, Mathew and others},
  journal={The Lancet Digital Health},
  volume={1},
  number={7},
  pages={e335--e343},
  year={2019},
  publisher={Elsevier}
}

@article{dixon2021microneedle,
  title={Microneedle-based devices for point-of-care infectious disease diagnostics},
  author={Dixon, Rachael V and Skaria, Eldhose and Lau, Wing Man and Manning, Philip and Birch-Machin, Mark A and Moghimi, S Moein and Ng, Keng Wooi},
  journal={Acta Pharmaceutica Sinica B},
  volume={11},
  number={8},
  pages={2344--2361},
  year={2021},
  publisher={Elsevier}
}

@article{johnson2011original,
  title={The original Michaelis constant: translation of the 1913 Michaelis--Menten paper},
  author={Johnson, Kenneth A and Goody, Roger S},
  journal={Biochemistry},
  volume={50},
  number={39},
  pages={8264--8269},
  year={2011},
  publisher={ACS Publications}
}

@article{heikenfeld2018lab,
  title={Lab on a Chip: Devices and applications at the micro-and nanoscale},
  author={Heikenfeld, J and Jajack, A and Rogers, J and Gutruf, P and Tian, L and Pan, T and Kim, J},
  journal={The Royal Society of Chemistry},
  volume={18},
  pages={209--386},
  year={2018}
}

@article{bollella2019minimally,
  title={Minimally invasive glucose monitoring using a highly porous gold microneedles-based biosensor: Characterization and application in artificial interstitial fluid},
  author={Bollella, Paolo and Sharma, Sanjiv and Cass, Anthony EG and Tasca, Federico and Antiochia, Riccarda},
  journal={Catalysts},
  volume={9},
  number={7},
  pages={580},
  year={2019},
  publisher={Multidisciplinary Digital Publishing Institute}
}

@article{calio2016polymeric,
  title={Polymeric microneedles based enzymatic electrodes for electrochemical biosensing of glucose and lactic acid},
  author={Cali{\`o}, A and Dardano, P and Di Palma, V and Bevilacqua, MF and Di Matteo, A and Iuele, H and De Stefano, L},
  journal={Sensors and Actuators B: Chemical},
  volume={236},
  pages={343--349},
  year={2016},
  publisher={Elsevier}
}

@article{jin2019reduced,
  title={Reduced graphene oxide nanohybrid--assembled microneedles as mini-invasive electrodes for real-time transdermal biosensing},
  author={Jin, Quanchang and Chen, Hui-Jiuan and Li, Xiangling and Huang, Xinshuo and Wu, Qianni and He, Gen and Hang, Tian and Yang, Chengduan and Jiang, Zhen and Li, Enlai and others},
  journal={Small},
  volume={15},
  number={6},
  pages={1804298},
  year={2019},
  publisher={Wiley Online Library}
}

@article{zhao2020silk,
  title={Silk/polyols/GOD microneedle based electrochemical biosensor for continuous glucose monitoring},
  author={Zhao, Liang and Wen, Zhuangzhuang and Jiang, Fujian and Zheng, Zhaozhu and Lu, Shenzhou},
  journal={RSC Advances},
  volume={10},
  number={11},
  pages={6163--6171},
  year={2020},
  publisher={Royal Society of Chemistry}
}


@article{GARCIAGUZMAN2021116148,
title = {Microneedle based electrochemical (Bio)Sensing: Towards decentralized and continuous health status monitoring},
journal = {TrAC Trends in Analytical Chemistry},
volume = {135},
pages = {116148},
year = {2021},
issn = {0165-9936},
doi = {https://doi.org/10.1016/j.trac.2020.116148},
url = {https://www.sciencedirect.com/science/article/pii/S0165993620303770},
author = {Juan José García-Guzmán and Clara Pérez-Ràfols and Maria Cuartero and Gaston A. Crespo},
keywords = {Wearable sensors, Microneedle (bio)sensing, On-body continuous monitoring, Transdermal interstitial fluid analysis, Health care monitoring}
}

@article{miller2012multiplexed,
  title={Multiplexed microneedle-based biosensor array for characterization of metabolic acidosis},
  author={Miller, Philip R and Skoog, Shelby A and Edwards, Thayne L and Lopez, Deanna M and Wheeler, David R and Arango, Dulce C and Xiao, Xiaoyin and Brozik, Susan M and Wang, Joseph and Polsky, Ronen and others},
  journal={Talanta},
  volume={88},
  pages={739--742},
  year={2012},
  publisher={Elsevier}
}

@article{kim2019continuous,
  title={Continuous glucose monitoring using a microneedle array sensor coupled with a wireless signal transmitter},
  author={Kim, Kwang Bok and Lee, Won-Chul and Cho, Chul-Ho and Park, Deog-Su and Cho, Seong Je and Shim, Yoon-Bo},
  journal={Sensors and Actuators B: Chemical},
  volume={281},
  pages={14--21},
  year={2019},
  publisher={Elsevier}
}


 @article{davis_landis_adams_allen_prausnitz_2004, title={Insertion of microneedles into skin: Measurement and prediction of insertion force and needle fracture force}, volume={37}, DOI={10.1016/j.jbiomech.2003.12.010}, number={8}, journal={Journal of Biomechanics}, author={Davis, Shawn P and Landis, Benjamin J and Adams, Zachary H and Allen, Mark G and Prausnitz, Mark R}, year={2004}, pages={1155–1163}} 

@article{jung-hwan, title={Biodegradable polymer microneedles: Fabrication, mechanics and Transdermal Drug Delivery}, 
DOI={10.1109/iembs.2004.1403761}, 
journal={The 26th Annual International Conference of the IEEE Engineering in Medicine and Biology Society},
author={Jung-Hwan Park and Allen, M.G. and Prausnitz, M.R.}
} 

 @article{römgens_bader_bouwstra_baaijens_oomens_2014, title={Monitoring the penetration process of single microneedles with varying tip diameters}, volume={40}, DOI={10.1016/j.jmbbm.2014.09.015}, journal={Journal of the Mechanical Behavior of Biomedical Materials}, author={Römgens, A.M. and Bader, D.L. and Bouwstra, J.A. and Baaijens, F.P.T. and Oomens, C.W.J.}, year={2014}, pages={397–405}} 
 
  @article{formulas_stress, 
  title={Stress and strain}, DOI={10.1002/9780470172681.ch3}, journal={Formulas for Stress, Strain, and Structural Matrices}, year={1975}, pages={89–147}}
  
  @article{smalls2006effect,
  title={Effect of dermal thickness, tissue composition, and body site on skin biomechanical properties},
  author={Smalls, Lola K and Randall Wickett, R and Visscher, Marty O},
  journal={Skin research and technology},
  volume={12},
  number={1},
  pages={43--49},
  year={2006},
  publisher={Wiley Online Library}
}

@article{chang2020optimal,
  title={Optimal design and fabrication of a microneedle arrays patch},
  author={Chang, Kai-Ti and Shen, Yung-Kang and Fan, Fang-Yu and Lin, Yi and Kang, Sheng-Chieh},
  journal={Journal of Manufacturing Processes},
  volume={54},
  pages={274--285},
  year={2020},
  publisher={Elsevier}
}

@article{kratschmer2017effect,
  title={Effect of chemical modifications on aptamer stability in serum},
  author={Kratschmer, Christina and Levy, Matthew},
  journal={Nucleic acid therapeutics},
  volume={27},
  number={6},
  pages={335--344},
  year={2017},
  publisher={Mary Ann Liebert, Inc. 140 Huguenot Street, 3rd Floor New Rochelle, NY 10801 USA}
}

@article{morrissey2005activity,
  title={Activity of stabilized short interfering RNA in a mouse model of hepatitis B virus replication},
  author={Morrissey, David V and Blanchard, Karin and Shaw, Lucinda and Jensen, Kristi and Lockridge, Jennifer A and Dickinson, Brent and McSwiggen, James A and Vargeese, Chandra and Bowman, Keith and Shaffer, Chris S and others},
  journal={Hepatology},
  volume={41},
  number={6},
  pages={1349--1356},
  year={2005},
  publisher={Wiley Online Library}
}

@article{kurreck2002design,
  title={Design of antisense oligonucleotides stabilized by locked nucleic acids},
  author={Kurreck, Jens and Wyszko, Eliza and Gillen, Clemens and Erdmann, Volker A},
  journal={Nucleic acids research},
  volume={30},
  number={9},
  pages={1911--1918},
  year={2002},
  publisher={Oxford University Press}
}

@incollection{barciszewski2009locked,
  title={Locked nucleic acid aptamers},
  author={Barciszewski, Jan and Medgaard, Michael and Koch, Troels and Kurreck, Jens and Erdmann, Volker A},
  booktitle={Nucleic Acid and Peptide Aptamers},
  pages={165--186},
  year={2009},
  publisher={Springer}
}

@article{dass2002cellular,
  title={Cellular uptake, distribution, and stability of 10-23 deoxyribozymes},
  author={Dass, Crispin R and Saravolac, Edward G and Li, Yang and Sun, Lun-Quan},
  journal={Antisense and Nucleic Acid Drug Development},
  volume={12},
  number={5},
  pages={289--299},
  year={2002},
  publisher={Mary Ann Liebert, Inc.}
}

@article{green1995nuclease,
  title={Nuclease-resistant nucleic acid ligands to vascular permeability factor/vascular endothelial growth factor},
  author={Green, Louis S and Jellinek, Derek and Bell, Carol and Beebe, Laurie A and Feistner, Bruce D and Gill, Stanley C and Jucker, Fiona M and Janji{\'c}, Neboj{\v{s}}a},
  journal={Chemistry \& biology},
  volume={2},
  number={10},
  pages={683--695},
  year={1995},
  publisher={Elsevier}
}

@article{yang2004progress,
  title={Progress in thioaptamer development},
  author={Yang, Xianbin and Gorenstein, David G},
  journal={Current Drug Targets},
  volume={5},
  number={8},
  pages={705--715},
  year={2004},
  publisher={Bentham Science Publishers}
}

@article{kazmierczak1999statistical,
  title={Statistical techniques for evaluating the diagnostic utility of laboratory tests},
  author={Kazmierczak, Steven C},
  year={1999},
  publisher={Walter de Gruyter}
}

@article{christenson2007evidence,
  title={Evidence-based laboratory medicine-a guide for critical evaluation of in vitro laboratory testing},
  author={Christenson, Robert H and Committee on Evidence Based Laboratory Medicine of the International Federation for Clinical Chemistry Laboratory Medicine},
  journal={Annals of Clinical Biochemistry},
  volume={44},
  number={2},
  pages={111--130},
  year={2007},
  publisher={SAGE Publications Sage UK: London, England}
}

@article{xia2013translational,
  title={Translational biomarker discovery in clinical metabolomics: an introductory tutorial},
  author={Xia, Jianguo and Broadhurst, David I and Wilson, Michael and Wishart, David S},
  journal={Metabolomics},
  volume={9},
  number={2},
  pages={280--299},
  year={2013},
  publisher={Springer}
}

@article{kampfrath2013brief,
  title={Brief critical review: statistical assessment of biomarker performance},
  author={Kampfrath, Thomas and Levinson, Stanley S},
  journal={Clinica Chimica Acta},
  volume={419},
  pages={102--107},
  year={2013},
  publisher={Elsevier}
}

@article{faix2013biomarkers,
  title={Biomarkers of sepsis},
  author={Faix, James D},
  journal={Critical reviews in clinical laboratory sciences},
  volume={50},
  number={1},
  pages={23--36},
  year={2013},
  publisher={Taylor \& Francis}
}

@article{rs2003pathophysiology,
  title={The pathophysiology and treatment of sepsis},
  author={Rs, Hotchkiss and Karl, IE},
  journal={N Engl J Med},
  volume={348},
  number={2},
  pages={138--150},
  year={2003}
}

@article{gullo2006management,
  title={Management of severe sepsis and septic shock: challenges and recommendations},
  author={Gullo, Antonino and Bianco, Nicola and Berlot, Giorgio},
  journal={Critical care clinics},
  volume={22},
  number={3},
  pages={489--501},
  year={2006},
  publisher={Elsevier}
}

@article{article,
author = {Moyo, Mambo and Mudarikwa, Prince and Shumba, Munyaradzi and Okonkwo, Okechukwu},
year = {2018},
month = {08},
pages = {},
title = {Voltammetric sensing of nitrite in aqueous solution using titanium dioxide anchored multiwalled carbon nanotubes},
volume = {24},
journal = {Ionics},
doi = {10.1007/s11581-017-2358-5}
}

@article{li2013optimized,
  title={An optimized hollow microneedle for minimally invasive blood extraction},
  author={Li, Cheng Guo and Lee, Chang Yeol and Lee, Kwang and Jung, Hyungil},
  journal={Biomedical microdevices},
  volume={15},
  number={1},
  pages={17--25},
  year={2013},
  publisher={Springer}
}

@article{gill2008effect,
  title={Effect of microneedle design on pain in human subjects},
  author={Gill, Harvinder S and Denson, Donald D and Burris, Brett A and Prausnitz, Mark R},
  journal={The Clinical journal of pain},
  volume={24},
  number={7},
  pages={585},
  year={2008},
  publisher={NIH Public Access}
}

@article{lee2018three,
  title={A three-dimensional and bevel-angled ultrahigh aspect ratio microneedle for minimally invasive and painless blood sampling},
  author={Lee, Dae-Sik and Li, Cheng Guo and Ihm, Chunhwa and Jung, Hyungil},
  journal={Sensors and Actuators B: Chemical},
  volume={255},
  pages={384--390},
  year={2018},
  publisher={Elsevier}
}

@article{VanAsbeck1995,
author = {van Asbeck, B S and Braams, R and Aarsman, J M and Sprong, R C and Groenewegen, G A},
issn = {0090-3493},
journal = {Critical Care Medicine},
number = {1},
title = {{HYDROGEN PEROXIDE IN BLOOD OF PATIENTS WITH SEPSIS SYNDROME: A REALISTIC PHENOMENON.}},
url = {https://journals.lww.com/ccmjournal/Fulltext/1995/01001/HYDROGEN_PEROXIDE_IN_BLOOD_OF_PATIENTS_WITH_SEPSIS.290.aspx},
volume = {23},
year = {1995}
}

@article{FORMAN201648,
title = {What is the concentration of hydrogen peroxide in blood and plasma?},
journal = {Archives of Biochemistry and Biophysics},
volume = {603},
pages = {48-53},
year = {2016},
issn = {0003-9861},
doi = {https://doi.org/10.1016/j.abb.2016.05.005},
url = {https://www.sciencedirect.com/science/article/pii/S0003986116301448},
author = {Henry Jay Forman and Angelito Bernardo and Kelvin J.A. Davies},
keywords = {Hydrogen peroxide, Blood, Plasma, Free radicals, Oxidation, Oxidases},
abstract = {The concentration of hydrogen peroxide (H2O2) in blood and plasma is a measurement that has often been made, but the absolute values remain unsettled due the great variability of results actually published in the literature. As in every tissue, the concentration of H2O2 in blood and plasma is determined by the dynamics of its production versus its removal. The major sources of H2O2 in cells will only be briefly described as they are already well documented, The production of H2O2 in red blood cells will be described as it is less well known. But, the concentration of H2O2 within cells is more problematic. Intracellular H2O2 concentration has been estimated based on the kinetics of production and elimination, while its determination is technically difficult. Furthermore, compartmentalization and gradients result in its quantitation only as an average. The sources of extracellular H2O2, particularly in plasma, will also be described briefly. The major question addressed here however, is the actual concentration of H2O2 in plasma, which has been studied extensively, but still remains controversial.}
}

@article{Pravda2014,
author = {Pravda, Jay},
doi = {10.5492/wjccm.v3.i2.45},
issn = {2220-3141},
journal = {World journal of critical care medicine},
keywords = {Hydrogen peroxide,Hypermetabolic,Sepsis,Septic shock,Systemic inflammatory response syndrome},
language = {eng},
month = {may},
number = {2},
pages = {45--54},
publisher = {Baishideng Publishing Group Co., Limited},
title = {{Metabolic theory of septic shock}},
url = {https://pubmed.ncbi.nlm.nih.gov/24892019 https://www.ncbi.nlm.nih.gov/pmc/articles/PMC4038812/},
volume = {3},
year = {2014}
}